<?xml version="1.0" encoding="UTF-8"?><collection xmlns="http://www.loc.gov/MARC21/slim"><record><leader>00559nam--2200205-u-4500</leader><controlfield tag="001">000053041</controlfield><controlfield tag="002">20161230</controlfield><controlfield tag="005">20161230201050</controlfield><controlfield tag="008">110103s1000------------r-----000-0-eng-d</controlfield><datafield ind1=" " ind2=" " tag="020"><subfield code="a">3540437649</subfield></datafield><datafield ind1=" " ind2=" " tag="040"><subfield code="a">IFIN-HH</subfield></datafield><datafield ind1=" " ind2=" " tag="080"><subfield code="a">537.533.35</subfield></datafield><datafield ind1="1" ind2=" " tag="100"><subfield code="a">Fultz, Brent</subfield></datafield><datafield ind1="1" ind2="0" tag="245"><subfield code="a">Transmission electron microscopy and diffractometry of materials</subfield><subfield code="c">Brent fultz; james howe</subfield></datafield><datafield ind1=" " ind2=" " tag="250"><subfield code="a">Second Edition</subfield></datafield><datafield ind1=" " ind2=" " tag="260"><subfield code="a">TOKYO</subfield><subfield code="b">Springer Verlag</subfield><subfield code="c">2002</subfield></datafield><datafield ind1=" " ind2=" " tag="300"><subfield code="a">748P</subfield></datafield><datafield ind1="1" ind2=" " tag="700"><subfield code="a">Howe, James</subfield></datafield><datafield ind1=" " ind2=" " tag="852"><subfield code="a">81438</subfield><subfield code="c">537.533.35</subfield></datafield><datafield ind1=" " ind2=" " tag="CAT"><subfield code="a">Sys</subfield><subfield code="c">20110103</subfield><subfield code="h">143812</subfield></datafield></record></collection>